<?xml version="1.0" encoding="UTF-8"?><record xmlns="http://www.loc.gov/MARC21/slim" xmlns:cinclude="http://apache.org/cocoon/include/1.0" xmlns:zs="http://www.loc.gov/zing/srw/">
  <leader>00536cz  a2200157n  4500</leader>
  <controlfield tag="001">n 2003040820</controlfield>
  <controlfield tag="003">DLC</controlfield>
  <controlfield tag="005">20100329074618.0</controlfield>
  <controlfield tag="008">030702n| acannaabn          |a aaa      </controlfield>
  <datafield tag="010" ind1=" " ind2=" ">
    <subfield code="a">n 2003040820</subfield>
    <subfield code="z">n  94054244 </subfield>
  </datafield>
  <datafield tag="035" ind1=" " ind2=" ">
    <subfield code="a">(OCoLC)oca06092161</subfield>
  </datafield>
  <datafield tag="040" ind1=" " ind2=" ">
    <subfield code="a">DLC</subfield>
    <subfield code="b">eng</subfield>
    <subfield code="c">DLC</subfield>
    <subfield code="d">DLC</subfield>
    <subfield code="d">InNd</subfield>
  </datafield>
  <datafield tag="053" ind1=" " ind2="0">
    <subfield code="a">PB1399.M22</subfield>
  </datafield>
  <datafield tag="100" ind1="1" ind2=" ">
    <subfield code="a">Mac Maoláin, Seán,</subfield>
    <subfield code="d">1884-1973</subfield>
  </datafield>
  <datafield tag="400" ind1="1" ind2=" ">
    <subfield code="a">Maoláin, Seán Mac,</subfield>
    <subfield code="d">1884-1973</subfield>
  </datafield>
  <datafield tag="670" ind1=" " ind2=" ">
    <subfield code="a">Uí Laighléis, Gearóidín. Seán Mac Maoláin agus ceart na Gaeilge, c2003:</subfield>
    <subfield code="b">p. 14 (Seán Mac Maoláin, 1884-1973)</subfield>
  </datafield>
</record>